 
 @article{storn1997differential,
  title={Differential evolution--a simple and efficient heuristic for global optimization over continuous spaces},
  author={Storn, Rainer and Price, Kenneth},
  journal={Journal of global optimization},
  volume={11},
  number={4},
  pages={341--359},
  year={1997},
  publisher={Springer}
}
@article{noman2008differential,
  title={Differential evolution for economic load dispatch problems},
  author={Noman, Nasimul and Iba, Hitoshi},
  journal={Electric Power Systems Research},
  volume={78},
  number={8},
  pages={1322--1331},
  year={2008},
  publisher={Elsevier}
}
@book{chakraborty2008advances,
  title={Advances in differential evolution},
  author={Chakraborty, Uday K},
  volume={143},
  year={2008},
  publisher={Springer}
}
@article{srinivas1994genetic,
  title={Genetic algorithms: A survey},
  author={Srinivas, Mandavilli and Patnaik, Lalit M},
  journal={computer},
  volume={27},
  number={6},
  pages={17--26},
  year={1994},
  publisher={IEEE}
}
@article{schwefel1977numerische,
  title={Numerische Optimierung von Computer-Modellen (PhD thesis)},
  author={Schwefel, Hans-Paul},
  journal={Reprinted by Birkhuser},
  year={1977}
}
@misc{john1992holland,
  title={Holland, Adaptation in Natural and Artificial Systems: An Introductory Analysis with Applications to Biology, Control and Artificial Intelligence},
  author={John, Holland},
  year={1992},
  publisher={MIT Press, Cambridge, MA}
}
@book{koza1992genetic,
  title={Genetic Programming II, Automatic Discovery of Reusable Subprograms},
  author={Koza, John R},
  year={1992},
  publisher={MIT Press, Cambridge, MA}
}
@inproceedings{fogel1991meta,
  title={Meta-evolutionary programming},
  author={Fogel, David B and Fogel, Lawrence J and Atmar, J Wirt},
  booktitle={Signals, systems and computers, 1991. 1991 Conference record of the twenty-fifth asilomar conference on},
  pages={540--545},
  year={1991},
  organization={IEEE}
}
@article{das2011differential,
  title={Differential evolution: A survey of the state-of-the-art},
  author={Das, Swagatam and Suganthan, Ponnuthurai Nagaratnam},
  journal={IEEE transactions on evolutionary computation},
  volume={15},
  number={1},
  pages={4--31},
  year={2011},
  publisher={IEEE}
}
@article{nelder1965simplex,
  title={A simplex method for function minimization},
  author={Nelder, John A and Mead, Roger},
  journal={The computer journal},
  volume={7},
  number={4},
  pages={308--313},
  year={1965},
  publisher={Oxford University Press}
}
@article{price1983global,
  title={Global optimization by controlled random search},
  author={Price, WL},
  journal={Journal of Optimization Theory and Applications},
  volume={40},
  number={3},
  pages={333--348},
  year={1983},
  publisher={Springer}
}
@article{gamperle2002parameter,
  title={A parameter study for differential evolution},
  author={G{\"a}mperle, Roger and M{\"u}ller, Sibylle D and Koumoutsakos, Petros},
  journal={Advances in intelligent systems, fuzzy systems, evolutionary computation},
  volume={10},
  number={10},
  pages={293--298},
  year={2002},
  publisher={Interlaken, Switzerland: WSEAS Press}
}
@article{brest2006self,
  title={Self-adapting control parameters in differential evolution: A comparative study on numerical benchmark problems},
  author={Brest, Janez and Greiner, Sao and Boskovic, Borko and Mernik, Marjan and Zumer, Viljem},
  journal={IEEE transactions on evolutionary computation},
  volume={10},
  number={6},
  pages={646--657},
  year={2006},
  publisher={IEEE}
}
